@book{latex,
  title     = {LaTeX : A Documentation Preparation System User's Guide and Reference Manual},
  publisher = {Addison-Wesley Professional},
  year      = {1994},
  author    = {Leslie Lamport}
}


@misc{sys-sage-repository,
  title        = {sys-sage},
  author       = {Stepan Vanecek},
  howpublished = {\url{https://github.com/caps-tum/sys-sage}},
  year         = {2024}
}

@misc{sys-sage,
  title       = {sys-sage: A Unified Representation of Dynamic Topologies \& Attributes on HPC Systems},
  year        = {2024},
  author      = {Stepan Vanecek and Martin Schulz},
  institution = {Chair of Computer Architecture and Parallel Systems},
  address     = {Garching, Germany}
}
@misc{sys-sage-docu,
  title        = {sys-sage Documentation},
  howpublished = {\url{https://stepanvanecek.github.io/sys-sage/html/index.html}},
  year         = {2024},
  author       = {Stepan Vanecek}
}
@misc{cache-associativity,
  title        = {Cache associativity},
  publisher    = {Algorithmica.org},
  author       = {Sergey Slotin},
  howpublished = {\url{https://en.algorithmica.org/hpc/cpu-cache/associativity/}}
}
@article{numba,
  title={Comparing python, go, and C++ on the n-queens problem},
  author={Fua, Pascal and Lis, Krzysztof},
  journal={arXiv preprint arXiv:2001.02491},
  year={2020}
}
@misc{numa,
  title     = {Non-uniform memory access},
  publisher = {Free On-Line Dictionary for Computing},
  note      = {\url{https://foldoc.org/Non-uniform+memory+access}},
  year      = {2024}
}
@misc{smart-pointers,
  title        = {Smart Pointers (Modern C++)},
  publisher    = {learn.microsoft.com},
  howpublished = {\url{https://learn.microsoft.com/de-de/cpp/cpp/smart-pointers-modern-cpp?view=msvc-170}}
}

@misc{languages-github-stats,
  title  = {GitHut 2.0, A small place to discover languages in GitHub},
  author = {Fabian Beuke},
  note   = {\url{https://madnight.github.io/githut/\#/pull_requests/2024/1}},
  year   = {2024}
}
@misc{py-gc-docu,
  title        = {Garbage collector design},
  author       = {Irit Katriel and Mark Shannon},
  howpublished = {\url{https://github.com/python/cpython/blob/main/InternalDocs/garbage_collector.md}}
}

@misc{xml-etree,
  title        = {xml.etree.ElementTree - The ElementTree XML API},
  publisher    = {Python Software Foundation},
  howpublished = {\url{https://docs.python.org/3/library/xml.etree.elementtree.html}},
  date         = {2025-04-08},
}

@misc{python-threading,
  title        = {Python vs C++: Selecting the Right Tool for the Job},
  publisher    = {Real Python},
  author       = {Jim Anderson},
  howpublished = {\url{https://realpython.com/python-vs-cpp/\#threading-multiprocessing-and-async-io}}
}

@manual{python-gc,
  title  = {gc --- Garbage Collector interface},
  author = {Python Software Foundation},
  month  = oct,
  year   = {2019},
  note   = {\url{https://docs.python.org/3/library/gc.html}}
}
@manual{py-c-api,
  title        = {Python/C API Reference Manual},
  author       = {Python Software Foundation},
  date         = {2025-04-02},
  note = {\url{https://docs.python.org/3/c-api/index.html}}
}


@manual{python-threading-docu,
  title  = {threading --- Thread-based parallelism},
  author = {Python Software Foundation},
  month  = oct,
  year   = {2019},
  note   = {\url{https://docs.python.org/3/library/threading.html}}
}
@manual{cython-docu,
  title  = {Cython Documentation},
  author = {Stefan Behnel and Robert Bradshaw and Dag Sverre Seljebotn and Greg Ewing and William Stein and Gabriel Gellner},
  howpublished = {\url{https://cython.readthedocs.io/en/latest/}}
}

@manual{swig-docu,
  title  = {SWIG and Python},
  howpublished = {\url{https://www.swig.org/Doc1.3/Python.html}},
  date        = {2024-10-07}
}

@manual{pybind11-docu,
  title  = {pybind11 — Seamless operability between C++11 and Python},
  howpublished = {\url{https://pybind11.readthedocs.io/en/stable/}},
  author = {Wenzel Jakob},
  year = {2017},
  }

@manual{boost-docu,
  title = {boost.python},
  howpublished = {\url{https://www.boost.org/doc/libs/1_87_0/libs/python/doc/html/index.html}},
  author = {David Abrahams and Stefan Seefeld},
  year = {2015}
}
@manual{ctypes-docu,
  title  = {ctypes — A foreign function library for Python},
  howpublished = {\url{https://docs.python.org/3/library/ctypes.html}},
  date = {2025-04-02},
  author = {Python Software Foundation}
}

@manual{cffi-docu,
  title = {CFFI documentation},
  howpublished = {\url{https://cffi.readthedocs.io/en/stable/}},
  author = {Armin Rigo and Maciej Fijalkowski},
  year = {2018},
}
@book{modern-cpp,
  title={Effective modern C++: 42 specific ways to improve your use of C++ 11 and C++ 14},
  author={Meyers, Scott},
  year={2014},
  publisher={" O'Reilly Media, Inc."}
}

@article{rw-openfoam,
  title={A general approach for running Python codes in OpenFOAM using an embedded Pybind11 Python interpreter},
  author={Rodriguez, Simon and Cardiff, Philip},
  journal={arXiv preprint arXiv:2203.16394},
  year={2022}
}
@misc{rw-openfoam-website,
title = {About OpenFOAM},
howpublished = {\url{https://openfoam.com}},
author = {OpenCFD Ltd.},
year = {2025}
}

@misc{rw-benchmarks,
title = {Benchmark of Python-C++ bindings},
howpublished = {\url{https://yanto.fi/2022/09/benchmark-of-python-c-bindings/}},
author = {Jevgeni Antonenko},
date = {2022-09-03},
}

@article{rw-pyseal,
  title={PySEAL: A Python wrapper implementation of the SEAL homomorphic encryption library},
  author={Titus, Alexander J and Kishore, Shashwat and Stavish, Todd and Rogers, Stephanie M and Ni, Karl},
  journal={arXiv preprint arXiv:1803.01891},
  year={2018}
}

@article{beyer2019reliable,
  title={Reliable benchmarking: requirements and solutions},
  author={Beyer, Dirk and L{\"o}we, Stefan and Wendler, Philipp},
  journal={International Journal on Software Tools for Technology Transfer},
  volume={21},
  number={1},
  pages={1--29},
  year={2019},
  publisher={Springer}
}
@manual{libxml2-docu,
  title = {The XML C parser and toolkit of Gnome},
  howpublished = {\url{https://gnome.pages.gitlab.gnome.org/libxml2/devhelp/libxml2-parser.html}},
  author = {Daniel Veillard}
}

@misc{cppreference-map-destructor,
  title = {std::map::~map},
  howpublished = {\url{https://en.cppreference.com/w/cpp/container/map/~map}},
  author = {cppreference.com},
  year = {2021}
}
@inproceedings{languages-performance,
  title={Investigating managed language runtime performance: Why $\{$JavaScript$\}$ and python are 8x and 29x slower than c++, yet java and go can be faster?},
  author={Lion, David and Chiu, Adrian and Stumm, Michael and Yuan, Ding},
  booktitle={2022 USENIX Annual Technical Conference (USENIX ATC 22)},
  pages={835--852},
  year={2022}
}
@misc{python-getitem,
  title = {Python 3.x documentation: Data model},
  howpublished = {\url{https://docs.python.org/3/reference/datamodel.html}},
  author = {Python Software Foundation},
  date = {2025-04-09}
}
@misc{python-c-api,
  title = {Extending and Embedding the Python Interpreter},
  howpublished = {\url{https://docs.python.org/3/extending/index.html#extending-index}},
  author = {Python Software Foundation}
}
@misc{pybind11-issue-327,
  title = {Overloading \_\_del\_\_ method},
  howpublished = {\url{https://github.com/pybind/pybind11/issues/327}},
  author = {Wenzel Jakob},
  year = {2016}
}
@manual{python-timeit-docu,
  title = {timeit --- Measure execution time of small code snippets},
  howpublished = {\url{https://docs.python.org/3/library/timeit.html}},
  author = {Python Software Foundation},
  date = {2025-04-11}
}